<record><leader>00000cas a22000007a 4500</leader><controlfield tag="001">10551933</controlfield><controlfield tag="008">840322d18961904mtuwr ne      0    0eng d</controlfield><datafield ind1=" " ind2=" " tag="010"><subfield code="a">sn 84036041 </subfield></datafield><datafield ind1=" " ind2=" " tag="040"><subfield code="a">MTL</subfield><subfield code="b">eng</subfield><subfield code="c">MTL</subfield><subfield code="d">OCLCQ</subfield></datafield><datafield ind1=" " ind2=" " tag="042"><subfield code="a">msc</subfield></datafield><datafield ind1=" " ind2=" " tag="043"><subfield code="a">n-us-mt</subfield></datafield><datafield ind1="0" ind2="4" tag="245"><subfield code="a">The Basin progress.</subfield></datafield><datafield ind1=" " ind2=" " tag="260"><subfield code="a">Basin, Mont. :</subfield><subfield code="b">H.L. Hughes,</subfield><subfield code="c">-1904.</subfield></datafield><datafield ind1=" " ind2=" " tag="300"><subfield code="a">8 v. :</subfield><subfield code="b">ill.</subfield></datafield><datafield ind1=" " ind2=" " tag="310"><subfield code="a">Weekly</subfield></datafield><datafield ind1="0" ind2=" " tag="362"><subfield code="a">-v. 8, no. 35 (Feb. 20, 1904).</subfield></datafield><datafield ind1="1" ind2=" " tag="362"><subfield code="a">Began with July 11, 1896.</subfield><subfield code="z">Cf. Basin progress, Nov. 13, 1897 and Nov. 26, 1898.</subfield></datafield><datafield ind1=" " ind2=" " tag="500"><subfield code="a">"Only Republican paper in county."</subfield></datafield><datafield ind1=" " ind2=" " tag="500"><subfield code="a">"Official paper of Jefferson County," 1903-1904.</subfield></datafield><datafield ind1=" " ind2=" " tag="500"><subfield code="a">Publisher varies.</subfield></datafield><datafield ind1=" " ind2=" " tag="530"><subfield code="a">Available on microfilm from Micro Photo Division, Bell and Howell, 1897-1900, 1902-1904; and from Montana Historical Society, 1901-1902.</subfield></datafield><datafield ind1=" " ind2=" " tag="588"><subfield code="a">Description based on: Vol. 1, no. 46 (May 22, 1897).</subfield></datafield><datafield ind1=" " ind2=" " tag="752"><subfield code="a">United States</subfield><subfield code="b">Montana</subfield><subfield code="c">Jefferson</subfield><subfield code="d">Basin.</subfield></datafield><datafield ind1="0" ind2="0" tag="785"><subfield code="t">Basin progress and mining review</subfield><subfield code="w">(DLC)sn 84036042</subfield></datafield></record>